% Encoding: UTF-8

% BIBLIO DE JP

@mastersthesis{Antec1,
  author       = {María Rodríguez}, 
  title        = {Sistema de Gestión Documental de la Universidad Nacional Agraria},
  school       = {Universidad Internacional de Andalucía},
  year         = 2013,
  address      = {Nicaragua},
  month        = 7,
  note         = {}
}

@mastersthesis{Antec2,
  author       = {Odalys Aranda}, 
  title        = {Implementación de un Sistema de Gestión Documental en la Universidad Central Marta Abreu de la Villas, Cuba:  Facultad de Ciencias de la Información y de la Educación},
  school       = {Universidad de Granada},
  year         = 2013,
  address      = {España},
  month        = 7,
  note         = {}
}

@Book{Juran03,
  title         = {Architect of Quality : The Autobiography of Dr. Joseph M. Juran},
  publisher     = {McGraw-Hill},
  year          = {2003},
  month         = {9},
  author        = {Juran, Joseph},
  address       = {New York},
  isbn          = {0071426108}
}

@article{Soto03,
author = {Sotolongo, C.},
year = {2003},
month = {09},
pages = {25-33},
title = {Metodología para la evaluación de la calidad del servicio y su aplicación en una empresa de servicios informáticos.},
volume = {24},
journal = {Ingeniería Industrial}
}

@Comment{jabref-meta: databaseType:biblatex;}
